@MISC{1,
  title = {BibTex File Format},
  howpublished = {http://www.bibtex.org},
}


@BOOK{2,
  title = {A Semantic Web Primer},
  publisher = {The MIT Press},
  year = {2004},
  author = {Grigoris Antoniou and Frank van Harmelen},
  keywords = {-103-},
}

@ARTICLE{3,
  author = {Christian Bizer and Tom Heath and Tim Berners-Lee},
  title = {{Linked Data - The Story So Far}},
  journal = {International Journal on Semantic Web and Information Systems (IJSWIS)},
  year = {2009},
  volume = {5},
  pages = {1--22},
  number = {3},
}

@INPROCEEDINGS{4,
  author = {Jorge P\'erez and Marcelo Arenas and Claudio Gutierrez},
  title = {{Semantics and Complexity of SPARQL}},
  booktitle = {Proceedings of the 5th International Semantic Web Conference (ISWC)},
  number = {4273},
  series = {LNCS},
  pages = {30--43},
  publisher = {Springer-Verlag},
  year = {2006},
}

@TECHREPORT{5,
  author = {Renzo Angles and Claudio Gutierrez},
  title = {{The Expressive Power of SPARQL}},
  institution = {Department of Computer Science, Universidad de Chile},
  number = {TR/DCC-2008-5},
  month = {May},
  year = {2008},
}

@INBOOK{6,
  title = {{Handbook of Knowledge Representation}},
  chapter = {Answer Sets},
  author = {M. Gelfond},
  pages = {285--316},
  publisher = {Elsevier},
  year = {2008},
}


@MISC{7,
  title = {Linked Data - Connect Distributed Data across the Web},
  howpublished = {http://linkeddata.org/},
  month = {Consultado el 25 de marzo de 2014},
}

